@InProceedings{MVD2017,
title=    {The Mapillary Vistas Dataset for Semantic Understanding of Street Scenes},
author=   {Neuhold, Gerhard and Ollmann, Tobias and Rota Bul\`o, Samuel and Kontschieder, Peter},
booktitle={International Conference on Computer Vision (ICCV)},
year=     {2017},
url=      {https://www.mapillary.com/dataset/vistas}
}
