@misc{obj_detection_survey_liu2018deep,
    title={Deep Learning for Generic Object Detection: A Survey},
    author={Li Liu and Wanli Ouyang and Xiaogang Wang and Paul Fieguth and Jie Chen and Xinwang Liu and Matti Pietikäinen},
    year={2018},
    eprint={1809.02165},
    archivePrefix={arXiv},
    primaryClass={cs.CV}
}

@InProceedings{snip_Singh_2018_CVPR,
author = {Singh, Bharat and Davis, Larry S.},
title = {An Analysis of Scale Invariance in Object Detection ­ SNIP},
booktitle = {The IEEE Conference on Computer Vision and Pattern Recognition (CVPR)},
month = {June},
year = {2018}
}

@inproceedings{feature_interwiners_li2018feature,
title={Feature Intertwiners},
author={Hongyang Li and Bo Dai and Shaoshuai Shi and Wanli Ouyang and Xiaogang Wang},
booktitle={International Conference on Learning Representations},
year={2019},
url={https://openreview.net/forum?id=SyxZJn05YX},
}

@InProceedings{Focal_Loss_Lin_2017_ICCV,
author = {Lin, Tsung-Yi and Goyal, Priya and Girshick, Ross and He, Kaiming and Dollar, Piotr},
title = {Focal Loss for Dense Object Detection},
booktitle = {The IEEE International Conference on Computer Vision (ICCV)},
month = {Oct},
year = {2017}
}

@article{gradient_harm_Li2019GradientHS,
  title={Gradient Harmonized Single-stage Detector},
  author={Buyu Li and Yu Liu and Xiaogang Wang},
  journal={ArXiv},
  year={2019},
  volume={abs/1811.05181}
}

@InProceedings{cascade_net_Ouyang_2017_ICCV,
author = {Ouyang, Wanli and Wang, Kun and Zhu, Xin and Wang, Xiaogang},
title = {Chained Cascade Network for Object Detection},
booktitle = {The IEEE International Conference on Computer Vision (ICCV)},
month = {Oct},
year = {2017}
}

@InProceedings{cascade_rcnn_Cai_2018_CVPR,
author = {Cai, Zhaowei and Vasconcelos, Nuno},
title = {Cascade R-CNN: Delving Into High Quality Object Detection},
booktitle = {The IEEE Conference on Computer Vision and Pattern Recognition (CVPR)},
month = {June},
year = {2018}
}

@InProceedings{long_tail_distr_Ouyang_2016_CVPR,
author = {Ouyang, Wanli and Wang, Xiaogang and Zhang, Cong and Yang, Xiaokang},
title = {Factors in Finetuning Deep Model for Object Detection With Long-Tail Distribution},
booktitle = {The IEEE Conference on Computer Vision and Pattern Recognition (CVPR)},
month = {June},
year = {2016}
}

@InProceedings{libra_rcnn_Pang_2019_CVPR,
author = {Pang, Jiangmiao and Chen, Kai and Shi, Jianping and Feng, Huajun and Ouyang, Wanli and Lin, Dahua},
title = {Libra R-CNN: Towards Balanced Learning for Object Detection},
booktitle = {The IEEE Conference on Computer Vision and Pattern Recognition (CVPR)},
month = {June},
year = {2019}
}

@InProceedings{Rotation_Invariant_PCN_Shi_2018_CVPR,
author = {Shi, Xuepeng and Shan, Shiguang and Kan, Meina and Wu, Shuzhe and Chen, Xilin},
title = {Real-Time Rotation-Invariant Face Detection With Progressive Calibration Networks},
booktitle = {The IEEE Conference on Computer Vision and Pattern Recognition (CVPR)},
month = {June},
year = {2018}
}

@InProceedings{deformable_convnet_Dai_2017_ICCV,
author = {Dai, Jifeng and Qi, Haozhi and Xiong, Yuwen and Li, Yi and Zhang, Guodong and Hu, Han and Wei, Yichen},
title = {Deformable Convolutional Networks},
booktitle = {The IEEE International Conference on Computer Vision (ICCV)},
month = {Oct},
year = {2017}
}

@InProceedings{deformable_convnetv2_Zhu_2019_CVPR,
author = {Zhu, Xizhou and Hu, Han and Lin, Stephen and Dai, Jifeng},
title = {Deformable ConvNets V2: More Deformable, Better Results},
booktitle = {The IEEE Conference on Computer Vision and Pattern Recognition (CVPR)},
month = {June},
year = {2019}
}

@InProceedings{occluded_pedestrian_Zhang_2018_CVPR,
author = {Zhang, Shanshan and Yang, Jian and Schiele, Bernt},
title = {Occluded Pedestrian Detection Through Guided Attention in CNNs},
booktitle = {The IEEE Conference on Computer Vision and Pattern Recognition (CVPR)},
month = {June},
year = {2018}
}

@InProceedings{feature_selective_net_Zhai_2018_CVPR,
author = {Zhai, Yao and Fu, Jingjing and Lu, Yan and Li, Houqiang},
title = {Feature Selective Networks for Object Detection},
booktitle = {The IEEE Conference on Computer Vision and Pattern Recognition (CVPR)},
month = {June},
year = {2018}
}

@InProceedings{occlusion_aware_rcnn_Zhang_2018_ECCV,
author = {Zhang, Shifeng and Wen, Longyin and Bian, Xiao and Lei, Zhen and Li, Stan Z.},
title = {Occlusion-aware R-CNN: Detecting Pedestrians in a Crowd},
booktitle = {The European Conference on Computer Vision (ECCV)},
month = {September},
year = {2018}
}

@InProceedings{Quantization_mimic_Wei_2018_ECCV,
author = {Wei, Yi and Pan, Xinyu and Qin, Hongwei and Ouyang, Wanli and Yan, Junjie},
title = {Quantization Mimic: Towards Very Tiny CNN for Object Detection},
booktitle = {The European Conference on Computer Vision (ECCV)},
month = {September},
year = {2018}
}

@InProceedings{mimi_efficient_net_Li_2017_CVPR,
author = {Li, Quanquan and Jin, Shengying and Yan, Junjie},
title = {Mimicking Very Efficient Network for Object Detection},
booktitle = {The IEEE Conference on Computer Vision and Pattern Recognition (CVPR)},
month = {July},
year = {2017}
}

@InProceedings{beyond_tradeoff_Song_2018_CVPR,
author = {Song, Guanglu and Liu, Yu and Jiang, Ming and Wang, Yujie and Yan, Junjie and Leng, Biao},
title = {Beyond Trade-Off: Accelerate FCN-Based Face Detector With Higher Accuracy},
booktitle = {The IEEE Conference on Computer Vision and Pattern Recognition (CVPR)},
month = {June},
year = {2018}
}

@InProceedings{MegDet_Peng_2018_CVPR,
author = {Peng, Chao and Xiao, Tete and Li, Zeming and Jiang, Yuning and Zhang, Xiangyu and Jia, Kai and Yu, Gang and Sun, Jian},
title = {MegDet: A Large Mini-Batch Object Detector},
booktitle = {The IEEE Conference on Computer Vision and Pattern Recognition (CVPR)},
month = {June},
year = {2018}
}

@InProceedings{high_perform_video_det_Zhu_2018_CVPR,
author = {Zhu, Xizhou and Dai, Jifeng and Yuan, Lu and Wei, Yichen},
title = {Towards High Performance Video Object Detection},
booktitle = {The IEEE Conference on Computer Vision and Pattern Recognition (CVPR)},
month = {June},
year = {2018}
}

@InProceedings{flow_guide_feature_aggre_Zhu_2017_ICCV,
author = {Zhu, Xizhou and Wang, Yujie and Dai, Jifeng and Yuan, Lu and Wei, Yichen},
title = {Flow-Guided Feature Aggregation for Video Object Detection},
booktitle = {The IEEE International Conference on Computer Vision (ICCV)},
month = {Oct},
year = {2017}
}

@InProceedings{deep_feature_flow_Zhu_2017_CVPR,
author = {Zhu, Xizhou and Xiong, Yuwen and Dai, Jifeng and Yuan, Lu and Wei, Yichen},
title = {Deep Feature Flow for Video Recognition},
booktitle = {The IEEE Conference on Computer Vision and Pattern Recognition (CVPR)},
month = {July},
year = {2017}
}

@InProceedings{fast_furious_Luo_2018_CVPR,
author = {Luo, Wenjie and Yang, Bin and Urtasun, Raquel},
title = {Fast and Furious: Real Time End-to-End 3D Detection, Tracking and Motion Forecasting With a Single Convolutional Net},
booktitle = {The IEEE Conference on Computer Vision and Pattern Recognition (CVPR)},
month = {June},
year = {2018}
}

@InProceedings{GS3D_Li_2019_CVPR,
author = {Li, Buyu and Ouyang, Wanli and Sheng, Lu and Zeng, Xingyu and Wang, Xiaogang},
title = {GS3D: An Efficient 3D Object Detection Framework for Autonomous Driving},
booktitle = {The IEEE Conference on Computer Vision and Pattern Recognition (CVPR)},
month = {June},
year = {2019}
}

@InProceedings{CornerNet_Law_2018_ECCV,
author = {Law, Hei and Deng, Jia},
title = {CornerNet: Detecting Objects as Paired Keypoints},
booktitle = {The European Conference on Computer Vision (ECCV)},
month = {September},
year = {2018}
}

@InProceedings{corner_local_text_Lyu_2018_CVPR,
author = {Lyu, Pengyuan and Yao, Cong and Wu, Wenhao and Yan, Shuicheng and Bai, Xiang},
title = {Multi-Oriented Scene Text Detection via Corner Localization and Region Segmentation},
booktitle = {The IEEE Conference on Computer Vision and Pattern Recognition (CVPR)},
month = {June},
year = {2018}
}

@InProceedings{Grid_rcnn_Lu_2019_CVPR,
author = {Lu, Xin and Li, Buyu and Yue, Yuxin and Li, Quanquan and Yan, Junjie},
title = {Grid R-CNN},
booktitle = {The IEEE Conference on Computer Vision and Pattern Recognition (CVPR)},
month = {June},
year = {2019}
}

@InProceedings{acqu_local_confidence_Jiang_2018_ECCV,
author = {Jiang, Borui and Luo, Ruixuan and Mao, Jiayuan and Xiao, Tete and Jiang, Yuning},
title = {Acquisition of Localization Confidence for Accurate Object Detection},
booktitle = {The European Conference on Computer Vision (ECCV)},
month = {September},
year = {2018}
}

@InProceedings{Mask_scoring_rcnn_Huang_2019_CVPR,
author = {Huang, Zhaojin and Huang, Lichao and Gong, Yongchao and Huang, Chang and Wang, Xinggang},
title = {Mask Scoring R-CNN},
booktitle = {The IEEE Conference on Computer Vision and Pattern Recognition (CVPR)},
month = {June},
year = {2019}
}

@InProceedings{Structure_inferNet_Liu_2018_CVPR,
author = {Liu, Yong and Wang, Ruiping and Shan, Shiguang and Chen, Xilin},
title = {Structure Inference Net: Object Detection Using Scene-Level Context and Instance-Level Relationships},
booktitle = {The IEEE Conference on Computer Vision and Pattern Recognition (CVPR)},
month = {June},
year = {2018}
}

@InProceedings{relatNet_objDet_Hu_2018_CVPR,
author = {Hu, Han and Gu, Jiayuan and Zhang, Zheng and Dai, Jifeng and Wei, Yichen},
title = {Relation Networks for Object Detection},
booktitle = {The IEEE Conference on Computer Vision and Pattern Recognition (CVPR)},
month = {June},
year = {2018}
}

@InProceedings{scene_graph_gen_Li_2017_ICCV,
author = {Li, Yikang and Ouyang, Wanli and Zhou, Bolei and Wang, Kun and Wang, Xiaogang},
title = {Scene Graph Generation From Objects, Phrases and Region Captions},
booktitle = {The IEEE International Conference on Computer Vision (ICCV)},
month = {Oct},
year = {2017}
}

@inproceedings{FishNet_sun_2018_neurips,
  title={FishNet: A Versatile Backbone for Image, Region, and Pixel Level Prediction},
  author={Sun, Shuyang and Pang, Jiangmiao and Shi, Jianping and Yi, Shuai and Ouyang, Wanli},
  booktitle={Advances in Neural Information Processing Systems},
  pages={760--770},
  year={2018}
}

@misc{FCOS_tian2019,
    title={FCOS: Fully Convolutional One-Stage Object Detection},
    author={Zhi Tian and Chunhua Shen and Hao Chen and Tong He},
    year={2019},
    eprint={1904.01355},
    archivePrefix={arXiv},
    primaryClass={cs.CV}
}