@InProceedings{ResNet_He_2016_CVPR,
author = {He, Kaiming and Zhang, Xiangyu and Ren, Shaoqing and Sun, Jian},
title = {Deep Residual Learning for Image Recognition},
booktitle = {The IEEE Conference on Computer Vision and Pattern Recognition (CVPR)},
month = {June},
year = {2016}
}

@InProceedings{Maskrcnn_He_2017_ICCV,
author = {He, Kaiming and Gkioxari, Georgia and Dollar, Piotr and Girshick, Ross},
title = {Mask R-CNN},
booktitle = {The IEEE International Conference on Computer Vision (ICCV)},
month = {Oct},
year = {2017}
}

@InProceedings{FPN_Lin_2017_CVPR,
author = {Lin, Tsung-Yi and Dollar, Piotr and Girshick, Ross and He, Kaiming and Hariharan, Bharath and Belongie, Serge},
title = {Feature Pyramid Networks for Object Detection},
booktitle = {The IEEE Conference on Computer Vision and Pattern Recognition (CVPR)},
month = {July},
year = {2017}
}

@InProceedings{PSPNet_Zhao_2017_CVPR,
author = {Zhao, Hengshuang and Shi, Jianping and Qi, Xiaojuan and Wang, Xiaogang and Jia, Jiaya},
title = {Pyramid Scene Parsing Network},
booktitle = {The IEEE Conference on Computer Vision and Pattern Recognition (CVPR)},
month = {July},
year = {2017}
}

@InProceedings{Deformable_Conv_Dai_2017_ICCV,
author = {Dai, Jifeng and Qi, Haozhi and Xiong, Yuwen and Li, Yi and Zhang, Guodong and Hu, Han and Wei, Yichen},
title = {Deformable Convolutional Networks},
booktitle = {The IEEE International Conference on Computer Vision (ICCV)},
month = {Oct},
year = {2017}
}

@InProceedings{Auto_Deeplab_Liu_2019_CVPR,
author = {Liu, Chenxi and Chen, Liang-Chieh and Schroff, Florian and Adam, Hartwig and Hua, Wei and Yuille, Alan L. and Fei-Fei, Li},
title = {Auto-DeepLab: Hierarchical Neural Architecture Search for Semantic Image Segmentation},
booktitle = {The IEEE Conference on Computer Vision and Pattern Recognition (CVPR)},
month = {June},
year = {2019}
}

@InProceedings{DANet_Fu_2019_CVPR,
author = {Fu, Jun and Liu, Jing and Tian, Haijie and Li, Yong and Bao, Yongjun and Fang, Zhiwei and Lu, Hanqing},
title = {Dual Attention Network for Scene Segmentation},
booktitle = {The IEEE Conference on Computer Vision and Pattern Recognition (CVPR)},
month = {June},
year = {2019}
}

@InProceedings{OANet_Liu_2019_CVPR,
author = {Liu, Huanyu and Peng, Chao and Yu, Changqian and Wang, Jingbo and Liu, Xu and Yu, Gang and Jiang, Wei},
title = {An End-To-End Network for Panoptic Segmentation},
booktitle = {The IEEE Conference on Computer Vision and Pattern Recognition (CVPR)},
month = {June},
year = {2019}
}

@InProceedings{Li_2019_CVPR,
author = {Li, Yanwei and Chen, Xinze and Zhu, Zheng and Xie, Lingxi and Huang, Guan and Du, Dalong and Wang, Xingang},
title = {Attention-Guided Unified Network for Panoptic Segmentation},
booktitle = {The IEEE Conference on Computer Vision and Pattern Recognition (CVPR)},
month = {June},
year = {2019}
}

@InProceedings{UPSNet_Xiong_2019_CVPR,
author = {Xiong, Yuwen and Liao, Renjie and Zhao, Hengshuang and Hu, Rui and Bai, Min and Yumer, Ersin and Urtasun, Raquel},
title = {UPSNet: A Unified Panoptic Segmentation Network},
booktitle = {The IEEE Conference on Computer Vision and Pattern Recognition (CVPR)},
month = {June},
year = {2019}
}

@InProceedings{Pano_Seg_Kirillov_2019_CVPR,
author = {Kirillov, Alexander and He, Kaiming and Girshick, Ross and Rother, Carsten and Dollar, Piotr},
title = {Panoptic Segmentation},
booktitle = {The IEEE Conference on Computer Vision and Pattern Recognition (CVPR)},
month = {June},
year = {2019}
}